
@book{engelsPeasantWarGermany2015,
  title = {The {{Peasant War}} in {{Germany}}},
  author = {Engels, Friedrich},
  year = {2015},
  month = sep,
  edition = {First},
  publisher = {{Routledge}},
  doi = {10.4324/9781315646633},
  file = {/Users/ethan/Zotero/storage/QLXWWYW8/Engels - 2015 - The Peasant War in Germany.pdf},
  isbn = {978-1-315-64663-3},
  keywords = {Engles,Peasant War},
  language = {en}
}

@incollection{goldmanFailureChristianity1913,
  title = {The {{Failure}} of {{Christianity}}},
  booktitle = {Red {{Emma Speaks}}},
  author = {Goldman, Emma},
  year = {1913},
  pages = {232--240},
  keywords = {Christianity,Red Emma,Socialism}
}

@incollection{leninSocialismReligion1905,
  title = {Socialism and {{Religion}}},
  booktitle = {Religion},
  author = {Lenin, V.I.},
  year = {1905},
  pages = {7--10},
  keywords = {Lenin,Religion,Socialism,USSR}
}

@inbook{luxemburgSocialismChurches1905,
  title = {Socialism and the {{Churches}}},
  booktitle = {Marxism, {{Socialism}} \& {{Religion}}},
  author = {Luxemburg, Rosa},
  year = {1905},
  pages = {99--119},
  collaborator = {Marx, Karl and Engels, Frederick and Luxemburg, Rosa},
  file = {/Users/ethan/Zotero/storage/39XXG6IU/Marx et al. - Marxism, Socialism & Religion.pdf},
  keywords = {Church,Social Democratic Party,Socialism},
  language = {en}
}

@incollection{trotskyVodkaChurchCinema1923,
  title = {Vodka, the {{Church}}, and the {{Cinema}}},
  booktitle = {Problems of {{Everyday Life}}},
  author = {Trotsky, Leon},
  year = {1923},
  pages = {31--35},
  keywords = {Church,Trotsky,USSR}
}


@Manual{R-base,
  title = {R: A Language and Environment for Statistical Computing},
  author = {{R Core Team}},
  organization = {R Foundation for Statistical Computing},
  address = {Vienna, Austria},
  year = {2020},
  url = {https://www.R-project.org/},
}
@Manual{R-papaja,
  author = {Frederik Aust and Marius Barth},
  title = {{papaja}: {Create} {APA} manuscripts with {R Markdown}},
  year = {2020},
  note = {R package version 0.1.0.9997},
  url = {https://github.com/crsh/papaja},
}
